@Book{xie2015,
  title = {Dynamic Documents with {R} and knitr},
  author = {Yihui Xie},
  publisher = {Chapman and Hall/CRC},
  address = {Boca Raton, Florida},
  year = {2015},
  edition = {2nd},
  note = {ISBN 978-1498716963},
  url = {http://yihui.org/knitr/},
}

@book{lehmannBiocharEnvironmentalManagement2015,
	title = {Biochar for Environmental Management: Science, Technology and Implementation},
	editor = {Lehmann, Johannes and Joseph, Stephen},
	year = {2015},
	date = {2015},
	publisher = {Routledge, Taylor & Francis Group},
	edition = {2},
	note = {Citation Key: lehmannBiocharEnvironmentalManagement2015},
	address = {London ; New York},
	langid = {English}
}

@article{somasegaran1985,
	title = {Methods in legume-rhizobium technology},
	author = {Somasegaran, P. and Hoben, H. J.},
	year = {1985},
	date = {1985},
	langid = {en}
}
